@Article{Fischl2012,
   Author="Fischl, B. ",
   Title="{{F}ree{S}urfer}",
   Journal="Neuroimage",
   Year="2012",
   Volume="62",
   Number="2",
   Pages="774--781",
   Month="Aug"
}

% 21897815 
@Article{Gorgolewski2011,
   Author="Gorgolewski, K.  and Burns, C. D.  and Madison, C.  and Clark, D.  and Halchenko, Y. O.  and Waskom, M. L.  and Ghosh, S. S. ",
   Title="{{N}ipype: a flexible, lightweight and extensible neuroimaging data processing framework in python}",
   Journal="Front Neuroinform",
   Year="2011",
   Volume="5",
   Pages="13"
}
